@Article{Einstein,
  author =       "Albert Einstein",
  title =        "{Zur Elektrodynamik bewegter K{\"o}rper}. ({German})
                 [{On} the electrodynamics of moving bodies]",
  journal =      "Annalen der Physik",
  volume =       "322",
  number =       "10",
  pages =        "891--921",
  year =         "1905",
  DOI =          "http://dx.doi.org/10.1002/andp.19053221004"
} 

@inproceedings{ICSE2014,
 author = {P\'eraire, CÃ©cile and Sedano, Todd},
 title = {State-based Monitoring and Goal-driven Project Steering: Field Study of the SEMAT Essence Framework},
 booktitle = {Proceedings of the 2014 International Conference on Software Engineering},
 series = {ICSE '14},
 year = {2014},
 location = {Hyderabad, India},
} 


@book{ScalingAgile,
 author = {Larman, Craig and Vodde, Bas},
 title = {Scaling Lean \& Agile Development: Thinking and Organizational Tools for Large-Scale Scrum},
 year = {2008},
 isbn = {0321480961, 9780321480965},
 edition = {1st},
 publisher = {Addison-Wesley Professional},
} 

@book{Balancing,
 author = {Boehm, Barry and Turner, Richard},
 title = {Balancing Agility and Discipline: A Guide for the Perplexed},
 year = {2003},
 isbn = {0321186125},
 publisher = {Addison-Wesley Longman Publishing Co., Inc.},
 address = {Boston, MA, USA},
} 

@article{CallToAction,
  author = {Jacobson, Ivar and Meyer, Bertrand and Soley, Richard},
  title = {The SEMAT Initiative: A Call for Action},
  journal = {Dr. Dobb's Journal},
  issue_date = {10 December 2009},
  month = dec,
  year = {2013}
}

@article{GTSE2013,
 author = {Johnson, Pontus and et al.},
 title = {Report on the Second SEMAT Workshop on General Theory of Software Engineering},
 journal = {ACM SIGSOFT Software Engingeering Notes},
 issue_date = {September 2013},
 year = {2013},
 issn = {0163-5948},
 numpages = {4},
 url = {http://doi.acm.org/10.1145/2507288.2529923},
 doi = {10.1145/2507288.2529923},
 acmid = {2529923},
 publisher = {ACM},
 address = {New York, NY, USA},
} 



@article{GTSE2013Long,
 author = {Johnson, Pontus and Ralph, Paul and Goedicke, Michael and Ng, Pan-Wei and Stol, Klaas-Jan and Smolander, Kari and Exman, Iaakov and Perry, Dewayne E},
 title = {Report on the Second SEMAT Workshop on General Theory of Software Engineering (GTSE 2013)},
 journal = {ACM SIGSOFT Software Engingeering Notes},
 issue_date = {September 2013},
 volume = {38},
 number = {5},
 month = aug,
 year = {2013},
 issn = {0163-5948},
 pages = {47--50},
 numpages = {4},
 url = {http://doi.acm.org/10.1145/2507288.2529923},
 doi = {10.1145/2507288.2529923},
 acmid = {2529923},
 publisher = {ACM},
 address = {New York, NY, USA},
} 


@article{JacobsonQueue,
 author = {Jacobson, Ivar and Ng, Pan-Wei and McMahon, Paul and Spence, Ian and Lidman, Svante},
 title = {The Essence of Software Engineering: The {SEMAT} Kernel},
 journal = {Queue},
 issue_date = {October 2012},
 volume = {10},
 number = {10},
 month = oct,
 year = {2012},
 issn = {1542-7730},
 pages = {40:40--40:51},
 articleno = {40},
 numpages = {12},
 doi = {10.1145/2381996.2389616},
 acmid = {2389616},
 publisher = {ACM},
 address = {New York, NY, USA},
} 

@article{JacobsonQueueLong,
 author = {Jacobson, Ivar and Ng, Pan-Wei and McMahon, Paul and Spence, Ian and Lidman, Svante},
 title = {The Essence of Software Engineering: The {SEMAT} Kernel},
 journal = {Queue},
 issue_date = {October 2012},
 volume = {10},
 number = {10},
 month = oct,
 year = {2012},
 issn = {1542-7730},
 pages = {40:40--40:51},
 articleno = {40},
 numpages = {12},
 url = {http://doi.acm.org/10.1145/2381996.2389616},
 doi = {10.1145/2381996.2389616},
 acmid = {2389616},
 publisher = {ACM},
 address = {New York, NY, USA},
} 

@INPROCEEDINGS{GQM, 
author={Jedlitschka, A. and Pfahl, D.}, 
booktitle={ International Symposium on Empirical Software Engineering, 2005.}, 
title={Reporting guidelines for controlled experiments in software engineering}, 
year={2005}, 
month={Nov}, 
keywords={software engineering;empirical software engineering;guideline development process;Costs;Data mining;Feedback;Guidelines;Programming;Proposals;Psychology;Software engineering;Standards publication;Taxonomy}, 
doi={10.1109/ISESE.2005.1541818},}


@INPROCEEDINGS{GQMLong, 
author={Jedlitschka, A. and Pfahl, D.}, 
booktitle={ International Symposium on Empirical Software Engineering, 2005.}, 
title={Reporting guidelines for controlled experiments in software engineering}, 
year={2005}, 
month={Nov}, 
pages={10 pp.}, 
keywords={software engineering;empirical software engineering;guideline development process;Costs;Data mining;Feedback;Guidelines;Programming;Proposals;Psychology;Software engineering;Standards publication;Taxonomy}, 
doi={10.1109/ISESE.2005.1541818},}

@INPROCEEDINGS{Shaw, 
author={Shaw, Mary}, 
booktitle={Proceedings of the 2003 International Conference on Software Engineering}, 
title={Writing good software engineering research papers}, 
year={2003}, 
month={May}, 
keywords={software engineering;research paradigms;research project design;research validation;software engineering research papers;software profession;technical writing;Abstracts;Acoustical engineering;Concrete;Design engineering;Physics;Software engineering;Software standards;Statistics;Vehicles;Writing}, 
doi={10.1109/ICSE.2003.1201262}, 
ISSN={0270-5257},}


@INPROCEEDINGS{ShawLong, 
author={Shaw, Mary}, 
booktitle={Proceedings of the 2003 International Conference on Software Engineering}, 
title={Writing good software engineering research papers}, 
year={2003}, 
month={May}, 
pages={726-736}, 
keywords={software engineering;research paradigms;research project design;research validation;software engineering research papers;software profession;technical writing;Abstracts;Acoustical engineering;Concrete;Design engineering;Physics;Software engineering;Software standards;Statistics;Vehicles;Writing}, 
doi={10.1109/ICSE.2003.1201262}, 
ISSN={0270-5257},}

@misc{AgileManifesto,
  title={The agile manifesto},
  author={Beck, Kent and et al.},
  year={2001}
}

@misc{AgileManifestoLong,
  title={The agile manifesto},
  author={Beck, Kent and Beedle, Mike and van Bennekum, Arie and Cockburn, Alistair and Cunningham, Ward and Fowler, Martin and Grenning, James and Highsmith, Jim and Hunt, Andrew and Jeffries, Ron and others},
  year={2001}
}


@article{PlanningPoker,
  title={Planning poker or how to avoid analysis paralysis while release planning},
  author={Grenning, James},
  journal={Hawthorn Woods: Renaissance Software Consulting},
  volume={3},
  year={2002}
}

@manual{OMGStandard,
  title = {Essence - Kernel and Language for Software Engineering Methods},
  month = {February},
  year = {2012},
  organization = {OMG},
  note = {OMG Submitters: Fujitsu, Ivar Jacobson International, AB Model Driven Solutions},
}

@manual{OMGStandardLong,
  title = {Essence - Kernel and Language for Software Engineering Methods},
  month = {February},
  year = {2012},
  organization = {OMG},
  note = {OMG Submitters: Fujitsu, Ivar Jacobson International, AB Model Driven Solutions},
  url = {http://www.omg.org/spec/Essence/1.0/Beta1 }
}

@INPROCEEDINGS{Katz, 
author={Katz, E.P.}, 
booktitle={23rd IEEE Conference on Software Engineering Education and Training}, 
title={Software Engineering Practicum Course Experience}, 
year={2010}, 
month={March}, 
keywords={computer science education;educational courses;knowledge acquisition;software engineering;CMU Silicon Valley;curriculum capstone;knowledge acquisition;practicum student;skill acquisition;software developed solution;software engineering practicum course;Application software;Employment;Feedback;Guidelines;Proposals;Reflection;Silicon;Software engineering;Software prototyping;Software tools}, 
doi={10.1109/CSEET.2010.38}, 
ISSN={1093-0175},}

@INPROCEEDINGS{KatzLong, 
author={Katz, E.P.}, 
booktitle={23rd IEEE Conference on Software Engineering Education and Training (CSEET) 2010 }, 
title={Software Engineering Practicum Course Experience}, 
year={2010}, 
month={March}, 
pages={169-172}, 
keywords={computer science education;educational courses;knowledge acquisition;software engineering;CMU Silicon Valley;curriculum capstone;knowledge acquisition;practicum student;skill acquisition;software developed solution;software engineering practicum course;Application software;Employment;Feedback;Guidelines;Proposals;Reflection;Silicon;Software engineering;Software prototyping;Software tools}, 
doi={10.1109/CSEET.2010.38}, 
ISSN={1093-0175},}

@article{AgileSEMAT,
  title={Agile and {SEMAT}: perfect partners},
  author={Jacobson, Ivar and Spence, Ian and Ng, Pan-Wei},
  journal={Communications of the ACM},
  year={2013},
  publisher={ACM}
}

@article{AgileSEMATLong,
  title={Agile and {SEMAT}: perfect partners},
  author={Jacobson, Ivar and Spence, Ian and Ng, Pan-Wei},
  journal={Communications of the ACM},
  volume={56},
  number={11},
  pages={53--59},
  year={2013},
  publisher={ACM}
}

@book{EssenceBook,
  title={The essence of software Engineering: applying the SEMAT kernel},
  author={Jacobson, Ivar and Ng, Pan-Wei and McMahon, Paul E and Spence, Ian and Lidman, Svante},
  year={2013},
  publisher={Addison-Wesley}
}

@book{SWEBOK,
  title={Guide to the Software Engineering Body of Knowledge (SWEBOK)},
  author={Abran, Alain and Bourque, Pierre},
  year={2004},
  publisher={IEEE Computer Society}
}

@article{GSWE,
  title={Graduate Software Engineering Curriculum Guidelines for Graduate Degree Programs in Software Engineering},
  author={Pyster, A and et al.},
  journal={Integrated Software and Systems Engineering Curriculum (iSSEc) series},
  year={2009}
}

@article{GSWELong,
  title={Graduate Software Engineering (GSwE2009) Curriculum Guidelines for Graduate Degree Programs in Software Engineering},
  author={Pyster, A and et al.},
  journal={Integrated Software and Systems Engineering Curriculum (iSSEc) series},
  year={2009}
}

@inproceedings{EASE2014,
 author = {P{\'e}raire, C{\'e}cile and Sedano, Todd},
 title = {Essence Reflection Meetings: Field Study},
 booktitle = {Proceedings of the 18th International Conference on Evaluation and Assessment in Software Engineering},
 series = {EASE '14},
 month = {May},
 year = {2014},
 isbn = {978-1-4503-2476-2},
 location = {London, England, United Kingdom},
 articleno = {25},
 numpages = {4},
 acmid = {2601296},
 publisher = {ACM},
 keywords = {agile retrospective, field study, software development methods},
} 


@inproceedings{EASE2014Long,
 author = {P{\'e}raire, C{\'e}cile and Sedano, Todd},
 title = {Essence Reflection Meetings: Field Study},
 booktitle = {Proceedings of the 18th International Conference on Evaluation and Assessment in Software Engineering},
 series = {EASE '14},
 year = {2014},
 isbn = {978-1-4503-2476-2},
 location = {London, England, United Kingdom},
 pages = {25:1--25:4},
 articleno = {25},
 numpages = {4},
 url = {http://doi.acm.org/10.1145/2601248.2601296},
 doi = {10.1145/2601248.2601296},
 acmid = {2601296},
 publisher = {ACM},
 address = {New York, NY, USA},
 keywords = {agile retrospective, field study, software development methods},
} 

@inproceedings{ALPS,
 author = {Hornby, Gregory},
 title = {ALPS: The Age-layered Population Structure for Reducing the Problem of Premature Convergence},
 booktitle = {Proceedings of the 8th Annual Conference on Genetic and Evolutionary Computation},
 series = {GECCO '06},
 year = {2006},
 isbn = {1-59593-186-4},
 location = {Seattle, Washington, USA},
 publisher = {ACM},
 address = {New York, NY, USA},
} 

@inproceedings{ALPSLong,
 author = {Hornby, Gregory S.},
 title = {ALPS: The Age-layered Population Structure for Reducing the Problem of Premature Convergence},
 booktitle = {Proceedings of the 8th Annual Conference on Genetic and Evolutionary Computation},
 series = {GECCO '06},
 year = {2006},
 isbn = {1-59593-186-4},
 location = {Seattle, Washington, USA},
 pages = {815--822},
 numpages = {8},
 url = {http://doi.acm.org/10.1145/1143997.1144142},
 doi = {10.1145/1143997.1144142},
 acmid = {1144142},
 publisher = {ACM},
 address = {New York, NY, USA},
 keywords = {age, computer-automated design, evolutionary algorithms, open-ended design, premature convergence},
} 

@book{Eiben2003,
 author = {Eiben, Agoston E. and Smith, J. E.},
 title = {Introduction to Evolutionary Computing},
 year = {2003},
 isbn = {3540401849},
 publisher = {SpringerVerlag},
} 

@book{Goldberg1989,
 author = {Goldberg, David E.},
 title = {Genetic Algorithms in Search, Optimization and Machine Learning},
 year = {1989},
 isbn = {0201157675},
 edition = {1st},
 publisher = {Addison-Wesley Longman Publishing Co., Inc.},
 address = {Boston, MA, USA},
} 

@book{Holland1992,
 author = {Holland, John H.},
 title = {Adaptation in Natural and Artificial Systems},
 year = {1992},
 isbn = {0-262-58111-6},
 publisher = {MIT Press},
 address = {Cambridge, MA, USA},
} 

@online{GithubGeneticAlgorithm,
  author = {Todd Sedano},
  title = {Source Code for Essence Kernel Genetic Algorithm},
  year = 2014,
  url = {https://github.com/professor/essence\_kernel\_genetic\_algorithm},
  urldate = {2014-11-01}
}
